2310 3974
51 170 236 226 ulto-25
388 159 669 224 GAPTIVl.
961 165 1002 229 89

55 328 312 407 Aristophontes,
326 329 379 408 qui
391 329 428 388 έι
438 335 544 408 purutu
556 348 591 389 re
602 333 772 412 inparatum
784 335 905 394 omnem
914 333 998 396 fucis.

53 425 196 486 Occisust
220 428 298 487 haee
325 445 395 505 res,
422 428 482 486 nisi
503 430 628 507 reperio
651 433 786 491 atrocem
807 433 849 492 mi
872 431 1002 511 aliquem

48 558 49 563 κ
511 526 662 587 ustitiam.

16 704 18 709 Ι
52 625 122 686 ΗΕ.
150 623 305 703 Sequere:
327 625 366 684 eu
383 625 441 685 tibi
458 626 631 705 hominem,
648 627 697 687 udi
715 631 807 708 etque
821 629 1000 709 adloquere.

329 723 395 784 TY.
410 723 484 799 Quis
492 725 614 783 homost
620 744 669 786 me
675 727 832 787 hominum
838 727 1002 788 miserior?

95 821 167 884 ΑΒ,
195 821 276 898 Quid
297 824 377 882 istuc
400 827 466 901 est,
488 823 571 901 quod
591 822 676 884 meos
693 832 726 884 te
749 824 846 885 (licum
869 827 1002 904 flugitare

512 919 635 1000 oeulos,
655 920 812 1002 Tyndaro,
951 931 1001 984 541

93 1017 220 1098 Proque
247 1008 355 1097 ignoto
381 1037 430 1078 me
460 1021 635 1098 espernuri,
663 1019 749 1099 qutsi
769 1037 820 1079 me
839 1038 1002 1100 numquam

511 1116 659 1176 noueris?

94 1196 249 1289 Equidem
260 1219 321 1271 tum
333 1232 399 1272 sum
410 1215 517 1273 seruos
530 1232 619 1292 quum
628 1221 673 1293 tu,
685 1215 744 1275 etsi
757 1215 813 1293 ego
829 1214 910 1276 domi
920 1213 1002 1274 liber

510 1312 566 1389 fui,

95 1413 147 1473 Tu
157 1413 255 1492 uisque
267 1431 391 1493 upuero
403 1414 585 1473 seruitutem
599 1413 755 1472 seruiuisti
765 1413 798 1471 iu
810 1396 910 1472 nilide.

94 1511 163 1573 ΗΕ.
186 1496 307 1592 Εᾱερο]
325 1513 458 1571 minume
475 1513 587 1587 miror,
609 1513 634 1569 si
652 1517 685 1570 te
703 1510 815 1589 fugitat
833 1517 885 1571 unt
896 1510 1002 1571 oculos

511 1615 581 1668 tuos
952 1617 1002 1670 545

95 1707 161 1768 Aut
184 1709 264 1767 site
286 1705 368 1786 odit,
393 1708 445 1786 qui
466 1708 558 1765 istum
582 1705 720 1786 appelles
746 1705 924 1787 Tyndarum
944 1726 1001 1786 pro

510 1802 698 1865 Philocrate.

54 1916 60 1929 ·
97 1902 167 1964 ΤΥ.
189 1903 307 1981 Hegio,
318 1904 369 1962 hio
380 1903 470 1960 homo
485 1902 625 1962 rabiosus
637 1902 758 1960 htbitus
771 1909 818 1962 est
832 1903 864 1961 iu
878 1885 982 1960 nilide:

94 1999 143 2061 Ne
153 2007 188 2060 tu
199 1999 281 2079 quod
293 2000 363 2058 istic
375 1997 530 2057 ftbuletur
541 1999 624 2057 sitris
636 1999 770 2057 inmittts
782 2005 857 2057 tuus.

95 2098 173 2160 Num
183 2099 253 2159 istie
263 2100 360 2158 hostis
371 2087 539 2156 insectatus
550 2097 597 2155 e‘st
609 2096 691 2156 domi
698 2103 826 2156 matrem
834 2097 1002 2176 e'tputrem,

96 2181 216 2256 E'tillic
226 2197 280 2254 isti
297 2197 349 2274 qul
360 2200 500 2276 sputstur
517 2195 641 2254 morbus
651 2193 807 2254 interdum
817 2196 913 2255 uenit.
951 2202 1004 2254 550

95 2294 286 2354 Prointuab
297 2297 376 2355 istoc
386 2295 495 2375 procul
506 2294 662 2374 apscedas.
690 2296 755 2355 HE.
779 2281 1003 2378 Vltroistum'u

510 2409 569 2451 me.
613 2391 675 2451 AR.
698 2393 774 2469 Ain,
793 2392 936 2470 nestero,

96 2488 152 2550 Me
170 2488 325 2557 rabiosum
343 2495 435 2567 atque
446 2491 630 2548 insectatum
641 2507 710 2548 esse
721 2490 817 2549 htstis
829 2507 928 2548 meum
939 2508 995 2549 me·

284 2598 286 2602 '
513 2586 767 2665 mortspetrem?

96 2668 140 2744 Et
159 2701 228 2741 eum
244 2681 320 2741 mihi
336 2700 405 2741 esse
422 2685 577 2759 morbum,
599 2685 701 2763 utqui
717 2684 789 2743 med
807 2688 882 2765 opus
899 2685 940 2743 sit
956 2684 1003 2743 in-

513 2781 690 2860 sputtrier?

96 2877 165 2938 HE.
185 2877 232 2936 Ne
242 2893 365 2954 uetere,
377 2875 489 2936 muiltos
500 2877 560 2936 iste
570 2879 695 2938 morbus
708 2879 847 2938 homiues
859 2881 1003 2958 mulceret,

98 2975 215 3051 Quibus
225 2975 376 3053 insputari
386 2973 477 3034 saluti
488 2974 548 3034 fuit
560 2981 651 3054 atque
662 2978 689 3035 is
702 2975 829 3057 prtfuit.
952 2986 1004 3038 555
1045 2969 1048 2974 ’

96 3072 162 3132 AR„
181 3071 272 3150 Quid,
284 3073 752 3134 tuautemetiamhuiccredist
772 3075 839 3136 llll.
859 3076 1003 3155 Quidego

306 3201 312 3207 ·
383 3170 610 3230 eredumhuic‘l
631 3171 695 3233 AR.
713 3172 853 3234 lnsauum
865 3175 1003 3237 esseme.

98 3270 167 3332 ΤΥ.
197 3268 300 3332 Viden
323 3277 357 3329 tu
378 3272 476 3349 huuc,
499 3290 588 3349 quem
606 3272 730 3331 inimico
747 3270 835 3332 uoltu
851 3274 1005 3333 intuitur?

514 3368 642 3428 concedi
654 3371 849 3450 optumumst,
