2332 3976
359 850 761 925 PROLOGVS.

171 1044 236 1102 Hos
249 1045 324 1121 qudo
336 1039 450 1100 uidetis
462 1042 546 1097 stare
557 1037 609 1096 hic
622 1040 759 1116 captiuds
773 1037 860 1114 duos,

171 1142 276 1202 Vincti
289 1139 359 1217 quia
370 1144 486 1212 astant,
504 1136 537 1193 hi
550 1142 632 1194 stant
644 1139 747 1214 ambo,
764 1141 825 1196 non
838 1137 957 1200 sedent.

170 1241 238 1299 Hoc
251 1241 305 1297 uos
318 1239 392 1295 mihi
404 1242 500 1294 testes
514 1235 588 1292 e'stis
600 1253 649 1292 me
661 1237 769 1294 uerum
780 1234 876 1312 loqui,

172 1337 274 1396 Sene'x
287 1335 339 1413 qui
353 1335 403 1392 hic
415 1334 548 1406 habitat,
563 1332 678 1409 Hegio,
693 1333 730 1391 ’st
749 1334 839 1392 huius
851 1341 949 1411 pater.

171 1437 227 1494 Set
240 1439 265 1493 is
281 1453 340 1513 quo
355 1440 444 1511 pacto
458 1432 574 1488 seruiat
585 1450 638 1488 suo
651 1432 709 1490 sibi
722 1434 813 1511 patri,
1018 1447 1034 1496 5

170 1533 205 1594 ld
218 1553 274 1611 ego
288 1535 338 1591 inc
350 1538 422 1610 aput
434 1550 488 1588 uos
502 1529 685 1608 proloquar,
704 1532 730 1588 si
742 1535 867 1609 opernm
880 1531 970 1595 datis.

171 1633 246 1691 Seni
258 1633 329 1690 huic
344 1631 470 1688 fuerunt
481 1628 540 1686 filii
553 1631 616 1686 nati
628 1627 704 1685 dno:

171 1731 273 1790 Alium
286 1727 476 1807 ‹puadrimuin
487 1729 617 1804 puerum
630 1745 736 1785 seruos
749 1730 869 1806 surpuit

169 1829 309 1905 Eumque
321 1828 392 1884 hinc
403 1826 583 1903 profugiens
600 1824 741 1883 uendidit
756 1826 788 1881 in
801 1809 891 1882 A'lide

171 1925 323 2002 [Domind]
345 1925 425 2001 patri
447 1923 583 1982 huiusce.
616 1922 675 1979 iam
697 1924 755 1981 hoc
778 1926 913 1983 tenetis?
946 1930 1034 2006 optu-

537 2027 656 2080 mumst.
1002 2036 1034 2086 10

170 2123 269 2201 Negat
280 2120 388 2196 he'rclc
401 2119 499 2197 [uero]
513 2118 568 2178 ille
582 2118 722 2180 idtumus.
757 2121 905 2184 accc'dito.

171 2221 204 2278 Si
215 2224 277 2278 ndn
288 2219 460 2278 ubisedeas
472 2219 557 2277 ldcus
570 2228 633 2293 est,
652 2227 700 2276 cst
711 2220 762 2277 uhi
775 2221 921 2295 (ambules,

171 2318 298 2393 Quando
310 2319 493 2375 histrionem
506 2318 590 2394 cogis
602 2317 816 2379 mendictrier.

169 2417 235 2493 Ego
247 2417 296 2474 me
308 2422 359 2474 tua
371 2436 474 2490 causa,
494 2436 533 2475 ne
547 2417 649 2493 dures,
667 2436 728 2474 non
740 2420 886 2496 rupturus
898 2439 972 2481 sum.

172 2515 233 2576 Vos
247 2519 299 2593 qni
309 2517 440 2594 potestis
453 2518 511 2593 ope
523 2522 627 2572 uostra
640 2508 797 2574 censerica
1001 2529 1032 2579 15

171 2614 311 2691 Accipite
323 2613 486 2671 relicuom:
504 2612 603 2671 alieno
616 2615 661 2671 uti
673 2614 717 2673 nil
729 2634 841 2676 moror.

168 2711 327 2788 Fugitiuos
338 2709 412 2786 illc,
429 2717 465 2768 'ut
478 2710 613 2768 diuorum
626 2717 714 2787 ante,
732 2713 822 2770 huius
835 2715 916 2791 patri

168 2810 264 2869 Domo
285 2810 374 2887 quem
391 2809 573 2888 profugiens
586 2807 740 2868 dominum
752 2809 936 2891 apstulerat‚
959 2815 1033 2872 uen-

536 2907 624 2967 didit.

170 3009 198 3067 is
209 3011 370 3086 pdstquam
381 3007 462 3065 hunc
475 3008 565 3084 emit,
584 3006 671 3065 de'dit
684 3026 752 3065 eum
764 3009 834 3066 huic
846 3012 936 3086 gnato
948 3030 1003 3069 suo

170 3104 379 3183 Pecdliarem,
400 3108 470 3183 qnia
483 3106 568 3183 quasi
580 3125 639 3163 una
652 3109 736 3163 actis
749 3113 825 3166 erat.
1000 3118 1034 3169 20

171 3205 230 3262 Hic
241 3205 322 3262 nunc
336 3203 416 3262 domi
429 3206 528 3263 seruit
540 3203 592 3262 sio
606 3204 685 3282 patri
698 3222 755 3262 nec
768 3207 826 3262 scit
837 3212 944 3283 pater:

168 3302 336 3362 Enimncro
349 3300 380 3360 di
392 3321 449 3360 nos
461 3303 546 3380 quisi
561 3301 638 3380 pilas
651 3302 790 3359 homines
803 3302 927 3364 habent.

169 3400 331 3461 Rationem
342 3400 478 3479 habetis,
498 3403 557 3478 qud
569 3399 659 3460 modo
670 3418 763 3459 unum
774 3399 920 3460 amiserit.
