2310 3974
93 267 260 321 rua-rr
400 252 680 315 cAPilvr.
976 253 1015 318 67
1136 246 1137 249 ‘

151 420 402 506 Namptstquam
411 422 905 503 meusestrtxpotitushtstium

154 511 220 603 (lta
232 518 337 598 [enim]
349 517 535 602 belligerant
548 522 629 581 nine
636 519 741 581 Aetoli
752 540 819 580 cum
832 503 932 581 Aleis:

152 616 228 676 Nam
239 615 363 677 Aettlia
373 617 451 678 haee
462 623 525 678 est:
548 616 623 678 sslist
636 620 743 695 eaptus
757 617 790 675 in
803 597 895 676 Alide

149 713 378 794 Philoptlemus
388 715 478 775 huius
489 715 639 795 Hegionis
654 714 738 775 filius
983 722 1016 775 95

155 813 244 873 Senis
263 815 316 892 qui
327 814 378 874 hic
389 814 524 873 habitat:
543 832 620 893 quae
635 813 727 892 aedes
738 812 937 873 lamentiriae

155 911 235 972 Mihi
247 913 336 989 sint,
354 930 429 990 quas
442 912 738 990 quotiensqmtmque
750 911 922 990 conspicit,
932 902 1015 995 fleo]

152 1009 240 1069 Nune
251 1010 302 1068 hie
314 1010 437 1089 occepit
449 1011 608 1089 quaestum
619 1010 700 1068 hunc
710 1006 756 1067 fili
767 1009 866 1086 grttia

154 1109 368 1186 Inhonestum,
383 1126 520 1168 maxume
532 1106 664 1169 tlienum
674 1107 798 1186 ingenit
809 1125 880 1166 suo:

153 1206 302 1266 Homines
315 1207 451 1286 captiuos
464 1209 693 1285 edumereatur,
709 1210 736 1266 si
748 1212 841 1284 queat
966 1214 1017 1266 100

151 1302 298 1383 Aliquem
310 1305 469 1383 inuenire,
485 1303 571 1365 sium
583 1307 636 1384 qui
648 1310 747 1365 mutet
757 1305 865 1367 filium.

150 1400 240 1480 Quod
253 1401 378 1481 quidem
389 1421 446 1482 ego
464 1403 555 1463 nimis
575 1423 665 1481 quam
684 1404 774 1482 cipio
787 1402 905 1481 [senex]
918 1407 952 1461 ut
962 1405 1016 1460 iru-

516 1507 635 1580 petret:

149 1597 226 1658 Nam
236 1599 271 1656 ni
281 1596 367 1659 illum
377 1600 507 1679 recipit,
525 1599 603 1659 nihil
616 1604 664 1658 est
676 1617 735 1678 quo
747 1617 796 1659 me
807 1598 963 1678 recipiam.

151 1695 242 1758 Nullt
252 1697 421 1758 iuuentutis
432 1699 504 1777 spes
517 1704 580 1757 est:
596 1715 665 1757 sese
677 1698 783 1756 omnes
794 1702 903 1757 amant.

153 1794 210 1856 llle
223 1793 344 1856 demum
355 1798 489 1875 antiquis
503 1798 551 1856 est
563 1794 743 1856 adulescens
754 1796 901 1872 mtribus,
966 1798 1016 1853 105

153 1896 270 1971 Quoius
279 1896 444 1974 nimquam
454 1894 572 1956 uoltum
583 1892 779 1973 tranquillam
791 1887 908 1970 gritiis.

153 1992 315 2072 CoudIgne
326 1999 416 2074 pater
428 1999 477 2053 est
489 1991 555 2052 elus
566 1997 701 2050 moratus
711 1990 857 2049 matribus.

150 2091 239 2152 Nune
251 2089 290 2151 ad
302 2109 372 2151 eum
383 2109 519 2172 pergam.
553 2091 603 2150 set
614 2090 752 2170 aperitur
764 2089 885 2164 estium,

150 2185 242 2250 Vnde
254 2188 416 2248 saturitate
429 2190 522 2268 saepe
534 2206 591 2266 ego
604 2187 685 2247 exiui
697 2186 810 2246 ebrius.

440 2454 639 2465 ——n-—n

268 2687 381 2747 Hnuro.
424 2685 591 2746 Loaamvs.
635 2686 819 2746 Eaussmvs.

151 2843 219 2914 HE.
241 2849 382 2911 Aduurte
394 2853 526 2912 animum
536 2852 597 2911 hue
608 2853 665 2912 sai:
682 2853 758 2911 istos
770 2850 908 2930 captiuis
920 2846 996 2908 duos

154 2950 234 3010 Heri
246 2967 322 3027 quos
334 2949 394 3008 emi
407 2947 447 3008 de
457 2947 572 3029 praeda
585 2970 602 3008 a
613 2949 837 3028 quaesturibus,
968 2957 1016 3008 111

153 3050 211 3109 llis
222 3047 320 3108 indito
334 3048 456 3107 catenas
468 3046 659 3126 singulirias,

148 3147 225 3207 latta
236 3146 368 3205 maiores
381 3147 490 3225 qulbus
502 3153 573 3205 sunt
583 3147 680 3206 uincti
690 3144 814 3206 demite.

151 3246 251 3306 Sinite
264 3243 434 3323 imbulare,
450 3247 478 3304 si
487 3244 582 3322 foris,
601 3244 627 3303 si
637 3244 721 3302 intus
733 3243 855 3304 uolent:

149 3343 206 3404 Set
216 3343 262 3403 uti
272 3341 477 3403 talseruentur
487 3344 594 3422 mtgna
607 3339 774 3420 diligentia.
966 3351 1016 3403 115

151 3441 247 3502 Liber
259 3441 396 3520 captiuos
409 3442 473 3501 tuis
485 3441 572 3500 ferae
585 3436 751 3499 consimilis
766 3444 829 3498 est:

771 3544 787 3594 5
798 3534 814 3572 s
