2332 3976
106 131 147 192 88
466 126 697 189 PLAVTI
859 143 1051 198 11133-45

106 299 178 376 [Hie
190 296 277 358 sslest
288 298 365 376 dies,
377 316 468 376 quom
479 293 566 355 milla
577 297 659 356 uitae
670 294 757 356 meae
769 295 852 359 salus
861 295 1052 379 sperabiliat:

106 396 217 476 Neque
239 394 384 457 aiaxilinm
405 395 478 454 mist
495 393 597 472 neque
616 392 693 452 adea
710 412 798 474 apes,
820 396 899 475 qnae'
916 395 960 455 mi
978 395 1054 454 hune

563 482 837 570 aspellttmetnrir:
1007 498 1056 553 519

105 590 171 652 Nee
185 589 324 652 sibdoiis
336 587 504 650 mendiciis
517 588 592 648 mihi
608 588 733 668 isquam
739 588 1056 669 mantellimstmeis.l
1093 608 1095 616 ²

7 727 13 748 1
106 689 171 750 Nee
185 689 394 769 srieephantiis
405 705 464 746 nee
474 686 553 745 fucis
568 683 664 746 allum
674 685 856 747 mantellum
868 689 1031 750 abniamst.

105 787 215 867 Neque
228 787 406 867 depreeatit
419 783 560 866 perfidiis
572 782 649 845 meis
662 802 720 844 nee
731 783 903 845 malefactis
914 786 1028 863 sugast.

107 883 183 946 ¹Nec
195 881 401 944 etnfldentiae
413 879 540 963 {isquam
551 882 749 1037 ipospitinmst
761 883 819 944 nee
831 881 1056 943 deuerticulinn

582 978 665 1059 olla]

107 1078 224 1157 Operta
236 1094 313 1156 qnae
325 1077 414 1136 fuere
426 1081 533 1155 aperta
544 1077 631 1154 srint,
648 1082 756 1157 patent
765 1079 964 1158 praestigiae.

188 1174 294 1233 Omnis
305 1171 436 1254 palamst
446 1191 513 1232 res:
524 1173 626 1252 neque
636 1171 675 1233 de
687 1175 744 1234 hac
752 1176 996 1253 renegttinmst,
1008 1184 1057 1236 525

107 1271 186 1347 Quiu
198 1269 277 1331 male
289 1269 427 1331 occidam
434 1273 638 1351 appetamqne
646 1271 766 1351 pestem
774 1273 821 1332 eri
828 1272 928 1333 uicem
935 1271 1056 1334 malam.

106 1367 249 1430 Perdidit
282 1388 331 1430 me
359 1371 598 1450 Aristophontes
627 1369 694 1447 hin,
729 1371 782 1449 qni
815 1371 897 1431 intro
930 1370 1058 1432 aduenst

561 1464 667 1526 modo:

106 1553 194 1628 isme
208 1570 312 1645 nouit,
323 1571 349 1627 is
361 1567 475 1628 sodalis
484 1566 653 1627 Philocrati
666 1574 698 1626 et
709 1570 854 1645 cognatus
866 1573 923 1628 est.

106 1668 215 1748 Neque
227 1667 316 1728 Salus
327 1672 469 1746 seruire,
483 1669 510 1728 si
524 1667 601 1744 uolt,
613 1668 663 1727 me
673 1674 792 1752 potest:
805 1687 863 1729 nec
876 1671 997 1749 edpiast

107 1752 181 1845 [Me
214 1765 440 1846 expedinndi]‚
473 1766 533 1825 nisi
566 1765 592 1824 si
627 1767 767 1825 astutiam
799 1766 932 1846 tliqnam
959 1767 1058 1828 eorde

561 1865 729 1927 machinor.
1070 1863 1077 1878 ‘

108 1964 221 2043 Quem,
257 1962 393 2024 malum?
429 1960 503 2043 qnid
530 1964 705 2042 machiner,
739 1963 813 2043 qnid
841 1964 1071 2045 carminiscars

456 2128 462 2132 ,
561 2060 691 2119 haereo:
1005 2071 1057 2124 531

110 2157 202 2238 [Nisi]
216 2178 311 2238 nugas
324 2158 517 2237 ineptiasque
530 2157 589 2215 iam
601 2157 746 2236 incipisso
758 2159 916 2216 maxumas.

168 2496 282 2556 Hnnro.
325 2497 593 2555 Aarsnonnosnas.
637 2493 814 2552 Tasnravs.
856 2492 1000 2555 Laasnn.

109 2635 173 2695 ΗΕ.
197 2635 263 2711 Quo
276 2631 362 2693 illim
373 2652 453 2694 nune
463 2634 618 2693 hominem
625 2619 905 2713 preripuisseiiras
913 2649 947 2691 se
956 2631 1059 2696 alicam

564 2748 601 2789 ex
612 2728 761 2789 aedibus?

110 2821 176 2889 ΤΥ.
207 2827 373 2887 Enimuero
396 2846 476 2888 nnnc
498 2845 556 2905 ego
578 2826 693 2887 decidi:
723 2826 797 2888 erint
821 2827 860 2886 ad
880 2833 912 2886 te
936 2828 1060 2906 hostes,

562 2922 718 3004 Tyndare.

109 3022 191 3100 Quid
200 3022 382 3083 fibulaber‘t
404 3020 478 3102 qnid
488 3022 629 3101 negabo?
650 3029 702 3084 ant
716 3020 1059 3103 qnidfatebor‘31nam]

562 3122 638 3181 mihi
1002 3130 1060 3184 535

111 3224 171 3283 Res
181 3223 277 3282 (imnis
287 3223 320 3281 in
331 3222 451 3281 incerta
463 3224 568 3282 sitast:
586 3219 661 3301 qnid
671 3222 764 3281 rebus
775 3217 923 3281 confidim
933 3221 1038 3280 meis?

110 3322 233 3384 Vtinam
243 3327 276 3381 te
288 3319 319 3380 di
330 3322 416 3400 prins
427 3319 608 3399 perderent,
620 3340 709 3399 quam
719 3319 841 3400 periisti
853 3336 870 3377 e
880 3317 980 3397 patria
991 3323 1060 3397 tna,
