2310 3974
99 218 140 280 78
459 217 693 280 PLAVTI
848 237 1053 292 11281-100

139 369 218 449 ilum
229 388 255 447 ei
265 386 373 447 reddis
386 389 477 464 mihi,
494 392 660 466 praeterea
671 385 728 467 [tu]
742 388 833 449 dnum
845 411 1002 452 nummum
1012 393 1051 451 ne'

555 481 638 542 duis:

139 569 181 644 Et
192 590 225 645 te
235 591 272 646 et
282 585 363 645 huuc
375 587 509 644 amtttam
516 583 597 642 hinc.
622 582 1050 668 ulioptetoabirendnpoteu.

141 680 209 744 TY.
233 667 397 763 (iptumum
415 687 507 760 etque
525 683 749 758 aequissumum
762 702 831 742 ures
846 686 1051 765 dptumusque

552 780 710 839 hominum
722 781 755 839 ds
767 781 867 842 humo.

141 880 196 941 set
206 882 233 941 iu
244 882 396 961 priuatum
407 879 589 939 seruitutem
600 878 698 938 seruit
708 876 757 937 illi
772 898 810 937 an
820 879 1000 960 pdplicem‘i

139 979 205 1041 ΗΕ.
228 978 383 1038 Priuetem
393 976 505 1036 medici
516 975 687 1036 Menarchi.
728 977 795 1038 TY.
817 977 876 1037 Pdl
887 980 913 1037 is
925 980 1052 1058 quidem

552 1073 643 1132 huius
655 1073 703 1132 det
714 1071 837 1134 cluens:
1000 1085 1050 1142 335

140 1170 218 1233 Tum
234 1173 293 1232 lude
313 1171 436 1250 quidem
453 1172 512 1231 tibi
528 1174 561 1230 in
572 1167 752 1251 procliuiut,
774 1190 863 1250 quum
871 1173 973 1233 imber
991 1181 1051 1252 esi,

553 1270 674 1351 quundd
689 1269 779 1350 pluit.

136 1372 204 1432 ΗΕ.
224 1372 287 1432 Fue
297 1374 325 1432 iu
336 1373 427 1432 homo
438 1377 474 1431 ut
483 1369 663 1430 redimitur.
696 1369 763 1430 ΤΥ.
783 1371 913 1432 Faciam.
934 1375 983 1433 set
995 1373 1050 1433 ted

551 1488 606 1527 uro
623 1463 731 1544 [hue],·
746 1468 857 1546 Hegio,

138 1567 206 1628 ΗΕ.
229 1565 310 1643 Quid
326 1568 373 1626 ui
383 1567 515 1626 fecium?
538 1565 610 1624 dum
623 1567 660 1625 db
673 1585 708 1624 re
719 1566 836 1645 nequid
853 1570 932 1630 dres.
977 1571 1045 1632 TY.

424 1725 432 1733 x
551 1661 715 1738 Ausaritis,
730 1664 818 1724 scies,

110 1806 115 1835 ,
139 1746 205 1840 ligo
217 1781 266 1822 me
278 1762 386 1838 emitti,
399 1760 542 1821 ddnieum
553 1758 610 1819 ille
617 1760 678 1819 hue
684 1758 827 1838 redierit,
837 1764 1047 1842 nunpdstulu:

107 1923 109 1927 ,
139 1860 305 1938 Verum,te
327 1860 660 1943 quaeso‚udstumutum
678 1857 759 1916 huuc
772 1859 846 1918 mihi
861 1857 932 1938 deu,
956 1882 1047 1940 quem

487 1943 491 1956 ’
550 1953 859 2035 mittemidpatrem,
994 1969 1048 2022 340

138 2038 181 2114 iit
198 2054 224 2113 is
241 2053 332 2114 humo
350 2054 520 2114 redimdtur
536 2051 595 2114 illi.
637 2053 704 2114 ΗΕ.
726 2052 819 2113 immo
838 2052 931 2114 ulium
942 2058 1047 2136 potius

550 2155 663 2212 misero

137 2251 235 2329 Hine,
257 2253 310 2311 ubi
322 2249 580 2329 eruntinddtiue,
600 2248 694 2327 illuc,
715 2243 798 2311 tuum
817 2255 868 2331 qui
881 2257 1046 2315 conuenidt

278 2425 283 2433 .
549 2354 679 2428 petrem,
988 2350 992 2357 ’

138 2446 197 2520 Qui
209 2451 261 2504 tue
273 2463 350 2523 quae
361 2445 452 2506 iussis
464 2445 606 2507 mundata
615 2448 659 2505 ite
671 2446 705 2505 rit
715 2445 794 2507 uelis
808 2447 861 2526 [ei]
874 2449 1022 2527 perferet.

137 2541 204 2602 TY.
228 2524 359 2602 itnihil
388 2552 438 2605 est
455 2541 742 2622 igndtumedillum
752 2548 893 2607 mittere:
918 2566 1044 2628 operam

548 2623 673 2700 ldsfflu,

134 2737 225 2797 Hdne
247 2737 352 2815 mitte,
375 2739 426 2797 hie
449 2741 637 2798 transtetum
658 2737 772 2798 reddet
793 2743 899 2816 dmm,
921 2741 947 2799 si
969 2739 1045 2801 illue

193 2852 195 2856 ·
547 2835 679 2894 uenerit.
990 2847 1044 2898 345

136 2930 1044 3012 Ne'cquemquumiideliuremndquequuipluuereddtpotes

135 3032 263 3092 Mittere
275 3030 314 3090 ed
324 3049 404 3112 euru,
415 3032 474 3092 ude
486 3034 539 3111 qui
550 3034 645 3110 magis
657 3034 698 3093 sit
711 3034 818 3092 seruus
830 3050 868 3093 ex
878 3035 1044 3116 sententia,

133 3127 241 3207 Neque
249 3127 327 3189 udeu
335 3130 406 3208 quoi
414 3127 880 3192 idumeuueredutfiiiumhodie
888 3131 1042 3196 uudteiue

132 3225 181 3286 Ne
191 3244 339 3287 uereure:
356 3225 426 3288 meu
437 3227 555 3308 periclo
568 3246 626 3306 ego
638 3228 730 3289 huiius
743 3230 885 3308 experidr
897 3228 992 3289 fidem

117 3379 119 3384 ,
132 3323 245 3384 Fretuu
262 3325 387 3402 ingenio
405 3323 488 3405 eius,
508 3325 591 3405 quud
603 3346 653 3387 me
665 3344 734 3387 esse
746 3328 805 3386 seit
816 3344 889 3404 erga
900 3345 934 3386 ee
945 3328 1044 3386 bene-

546 3422 657 3485 uolum.
989 3435 1044 3486 350
