2332 3976
511 232 745 293 PLAVTl

236 405 400 482 Postqutm
412 402 597 480 belligerant
609 399 734 481 [antem]
746 400 850 461 Aetoli
862 420 928 461 cnm
941 382 1036 473 Aleis,

236 503 278 563 vt
290 503 371 562 sitin
384 500 484 576 bello,
503 500 621 578 capitur
633 498 711 558 alter
727 499 820 560 filius.
1065 505 1098 556 25

236 598 380 658 Medicis
392 598 578 658 Menarchus
591 598 665 656 emit
676 596 790 657 ibidem
801 598 834 656 in
846 579 946 657 Alide.

237 697 349 776 Coepit
362 697 498 774 captiuos
511 696 699 753 cainmercari
712 696 763 753 hie
775 678 879 770 Aleos,

236 797 362 875 Siqnem
373 795 514 873 reperire
526 794 640 871 pessit,
660 794 712 870 qui
723 794 820 850 mutet
832 811 933 850 sunm:

237 893 335 969 [illum
347 895 513 972 captiuam:
534 893 614 948 hunc
626 910 711 949 suum
720 909 789 949 esse
800 892 900 950 nescit
911 891 963 967 qui
974 888 1098 965 demist]

232 993 273 1052 Et
286 993 425 1069 queniam
438 991 507 1050 heri
519 988 706 1066 indaudiuit‚
724 988 763 1047 de
778 991 892 1046 summi
904 986 972 1045 loca
1064 994 1099 1046 30

233 1089 418 1166 Summdqne
430 1105 544 1164 genere
557 1091 678 1164 ciptum
691 1105 759 1146 esse
772 1088 909 1165 equitem
920 1105 958 1145 ex
969 1068 1072 1161 Alide,

233 1185 286 1245 Nil
297 1187 399 1265 pre'tin
411 1186 524 1263 parsit,
541 1183 607 1241 filio
621 1183 691 1241 dum
702 1187 861 1260 parceret:

232 1283 445 1342 Reccnciliare
460 1290 493 1340 nt
504 1279 624 1339 facilins
636 1284 741 1359 posse‘t
753 1280 884 1357 domum,

232 1382 315 1440 Emit
327 1380 365 1440 de
378 1379 493 1459 praeda
503 1381 595 1437 hosce
608 1382 710 1438 imhcs
723 1400 739 1436 a
752 1379 974 1457 quaesteribus

233 1481 327 1539 Hisce
341 1484 441 1538 aritem
453 1481 535 1536 inter
547 1497 615 1536 sese
626 1479 707 1537 ininc
716 1478 929 1535 confinxerint
937 1474 1051 1552 delum,
1063 1483 1096 1536 35

232 1573 1094 1655 Qucpictohicserucssriumerumhineamittttdomum.

231 1674 338 1751 ltaque
350 1676 431 1731 inter
444 1690 477 1729 se
490 1674 667 1729 conmtitant
680 1680 796 1729 uestem
809 1680 842 1729 et
853 1671 989 1728 nemina:

231 1769 297 1828 illic
309 1778 435 1827 uocatur
447 1768 655 1843 Philocrates,
672 1769 722 1826 hic
736 1767 913 1845 Tyndarus:

230 1867 328 1925 Huius
342 1864 411 1940 ille,
429 1867 480 1923 hic
493 1864 574 1923 illius
587 1865 679 1924 lnidie
692 1866 756 1924 fert
766 1866 937 1941 imiginem.

227 1964 268 2024 Et
280 1965 330 2023 hic
344 1962 436 2021 haidie
451 1962 542 2021 docte
556 1963 702 2041 expediet
715 1964 792 2021 hanc
803 1960 955 2019 falltciam
1062 1972 1096 2021 40

226 2063 268 2122 Et
280 2066 366 2121 stium
378 2081 463 2119 erum
475 2061 570 2118 faciet
581 2059 734 2119 libertatis
746 2062 921 2136 cnnpotem:

229 2158 408 2237 Eodemque
421 2167 509 2237 pacto
522 2160 651 2217 fratrem
662 2160 798 2216 seruabit
809 2176 894 2214 suum

228 2257 447 2334 Reducemque
460 2257 553 2316 faciet
564 2256 697 2315 liberum
709 2257 740 2313 in
751 2257 881 2334 patriam
893 2256 930 2315 aid
941 2266 1060 2336 patrem

228 2354 412 2433 inprridens:
429 2355 537 2414 itidem
549 2365 582 2414 ut
593 2357 685 2434 saepe
696 2357 755 2413 iam
767 2356 798 2412 in
811 2355 914 2415 multis
926 2355 1003 2415 locis

227 2452 300 2511 Plus
315 2455 447 2512 insciens
460 2455 527 2531 quis
541 2454 618 2511 fecit
631 2473 719 2530 qnam
730 2451 866 2530 prudens
879 2455 960 2513 boni.
1059 2464 1092 2512 ts

229 2551 284 2608 Set
296 2553 462 2609 inscientes
476 2551 531 2628 [hil
545 2570 598 2608 sua
608 2552 667 2609 sibi
678 2549 798 2608 fallacia

228 2650 272 2707 {ta
284 2651 489 2728 ctinpararunt
502 2652 533 2707 e't
544 2649 756 2706 confinxerint
769 2645 881 2724 dolum,

226 2746 343 2825 {ltaque
356 2748 389 2804 hi
403 2748 556 2804 conmenti
571 2745 610 2804 de
623 2765 676 2803 sua
688 2747 852 2823 sententia]

226 2844 268 2903 Vt
279 2846 310 2901 in
322 2845 472 2902 seruitute
485 2845 535 2903 hic
548 2841 620 2922 aput
632 2863 718 2902 suum
730 2848 851 2903 maneat
861 2852 997 2923 patrem:

226 2943 270 3000 lta
282 2945 361 3001 mine
373 2943 515 3020 ignorans
529 2939 635 3019 [demi]
647 2962 700 3000 sno
714 2944 772 3000 sibi
784 2945 882 3000 seruit
892 2943 982 3019 patri.
1055 2953 1091 3003 50

228 3037 411 3097 llomrineuli
424 3043 626 3117 quanticum,
644 3060 733 3117 quom
745 3040 892 3117 recdgito.

226 3137 310 3194 Haec
324 3137 374 3192 re's
387 3145 494 3213 agetur
506 3139 609 3213 mihis,
627 3140 713 3197 nobis
725 3137 836 3197 fibula.

226 3233 282 3291 Set
294 3233 415 3290 e'tiamst
426 3236 530 3312 paucis
542 3238 596 3293 uiis
610 3235 691 3312 qued
703 3237 834 3293 monitos
847 3235 1005 3296 niluerim.

224 3329 369 3387 Profecto
383 3331 527 3407 expediet
539 3331 659 3390 fibulae
672 3333 742 3390 hnic
755 3337 880 3411 operirn
892 3333 980 3393 dare:

223 3428 289 3486 Non
302 3427 492 3505 pertractate
503 3431 616 3489 iectast
626 3449 728 3507 neque
739 3431 813 3490 item
825 3439 860 3490 nt.
870 3434 1003 3511 ceterae,
1053 3448 1087 3499 55
