2310 3974
89 273 335 328 mons-512
439 271 718 336 casulvl.
1015 276 1056 338 95

136 444 323 518 subrufum,
359 441 548 521 aliquantum
570 442 705 522 crispus,
738 444 936 504 cincinnatus.
989 445 1055 507 HE.

568 540 731 600 Conuenit.

141 639 210 700 TY.
232 623 276 698 Vt
288 634 412 716 quidem
422 637 531 697 hercle
544 638 577 697 in
588 637 722 698 medium
734 656 791 717 ego
808 638 903 699 hodie
913 641 1055 720 pessume
1069 655 1070 658 ’
1109 638 1110 641 ’

565 736 787 815 processerim:
961 726 963 729 ⁵

137 837 206 899 Vae
224 835 288 896 illis
306 836 403 912 uirgis
418 835 550 912 miseris,
568 854 646 912 quae
663 835 757 896 hodie
775 839 808 895 in
820 838 907 915 tergo
920 839 1054 897 morien-

554 934 608 992 tair
625 951 703 993 meo.
1002 943 1055 996 650

137 1035 205 1095 ΗΕ.
227 1033 333 1095 Verbo
350 1033 426 1092 mihi
444 1030 514 1092 data
532 1033 601 1092 esse
619 1033 721 1093 uideo.
766 1033 832 1094 TY.
856 1033 938 1111 Quid
952 1054 1062 1099 cessa,

552 1133 610 1208 tis,
632 1130 799 1211 conpedes,

137 1229 277 1290 Gairrere
300 1226 338 1287 ad
358 1229 556 1307 momenque
578 1228 722 1308 amplecti
744 1232 851 1309 oraira,
863 1239 907 1319 ⁸ut
928 1252 983 1292 uos
1001 1252 1053 1292 cu-

554 1325 706 1386 stodiam?
1071 1312 1074 1317 ’

136 1423 206 1484 ΗΕ.
229 1423 316 1483 Siiin
327 1421 374 1483 illi
386 1441 435 1482 me
448 1422 542 1482 hodie
554 1421 681 1484 scelesti
699 1427 781 1505 capti
792 1429 943 1506 coperiant
956 1425 1052 1486 dolo?

136 1503 208 1580 illic
221 1538 344 1581 seruom
357 1540 391 1581 se
408 1518 622 1598 idsimulabat,
642 1523 694 1581 hio
706 1541 776 1583 sese
794 1531 894 1584 autem
905 1523 1049 1587 liberum.

137 1618 308 1678 Naiouleum
326 1621 431 1698 amisi,
453 1621 569 1680 retinui
587 1622 710 1700 pigneri
729 1622 892 1701 putamina.
999 1632 1050 1684 655

135 1703 183 1778 ita
204 1719 245 1777 mi
269 1717 382 1779 stolido
404 1720 507 1779 sisum
527 1739 651 1780 norsum
675 1739 709 1780 os
731 1719 897 1782 saibleuere
919 1722 1048 1783 officiis.

138 1817 199 1876 Hie
212 1815 335 1896 quidem
347 1836 396 1877 me
407 1837 570 1897 numquam
581 1817 740 1881 inridebit.
769 1818 919 1899 colapho,
933 1819 1050 1880 Corda-

551 1916 605 1994 116,
621 1917 730 1994 Corax,

136 1998 182 2073 ite
194 2013 296 2090 istinc,
310 2014 428 2072 ecferto
439 2012 514 2073 loru.
542 2013 606 2073 LO.
625 2013 704 2073 Naim
714 2013 863 2092 lignatum
878 2017 1050 2075 mittimur?

177 2113 243 2172 HE.
267 2114 376 2173 inicite
398 2114 530 2172 manicas
552 2112 710 2192 [actutum]
732 2114 804 2173 huic
824 2116 990 2191 mastigiae.

180 2210 246 2270 TY.
269 2210 350 2287 Quid
369 2213 428 2272 hoc
440 2213 628 2291 estnegotii
655 2211 729 2290 quid
743 2231 799 2292 ego
818 2210 937 2292 deliqui
944 2214 960 2273 2²
981 2213 1047 2274 HE.

549 2311 672 2389 Rogas?
997 2320 1050 2373 660

178 2405 269 2466 Sutor
280 2415 443 2487 sartorque
454 2406 608 2468 scelerum
620 2416 653 2467 et
664 2427 783 2469 messor
794 2413 940 2470 minume.

180 2505 247 2566 TY.
270 2506 339 2566 Non
357 2510 532 2567 occatorem
541 2509 628 2589 prius
643 2505 776 2567 audebas
795 2505 923 2568 dicere?

176 2602 252 2663 Nam
268 2605 391 2684 semper
408 2613 518 2665 occant
534 2608 619 2686 prius
637 2626 727 2686 quam
738 2607 857 2668 sariunt
867 2608 984 2669 mistici.

179 2702 244 2762 ΗΕ.
267 2703 351 2780 Atat,
369 2709 403 2763 ut
416 2704 609 2764 confidenter
619 2706 694 2764 mihi
706 2712 815 2765 eontra
825 2708 931 2772 astitit.

181 2801 248 2862 TY.
271 2802 370 2862 Decet
392 2807 589 2864 innocentem
611 2805 733 2864 se'ruom
755 2803 933 2885 [hominem]
957 2813 1048 2887 atque

553 2904 708 2962 innoxium
997 2914 1047 2968 665

179 2998 398 3060 Confidentem
411 3019 490 3079 esse,
508 3021 595 3062 suum
606 3007 679 3081 iput
690 3019 777 3060 erum
787 3003 996 3080 potissumum.

178 3095 243 3156 ΗΕ.
265 3098 437 3176 Astringite
448 3099 501 3158 isti
514 3097 603 3158 sultis
614 3099 817 3158 uehementer
829 3118 941 3162 munus.

181 3193 250 3256 TY.
280 3195 366 3256 'l'uuis
389 3216 465 3275 sum,
484 3205 518 3257 tu
540 3199 595 3258 has
620 3197 744 3277 quidem
763 3197 872 3277 [mihi]
891 3199 942 3260 uel
958 3221 1046 3281 prae·

558 3297 619 3357 cidi
630 3299 711 3357 iube.

174 3390 230 3451 Set
244 3391 318 3471 quid
328 3395 465 3472 negotist
482 3413 571 3473 quam
589 3397 627 3456 ‹ib
640 3414 707 3455 rem
718 3396 879 3455 suscenses
891 3397 989 3459 mihi?

176 3489 245 3550 1111.
260 3491 338 3566 Quia
345 3492 394 3551 me
405 3510 564 3572 meamque
572 3495 648 3573 rem,
661 3492 783 3573 quodin
792 3501 824 3554 te
832 3496 892 3554 uno
904 3495 974 3574 iuit,
997 3505 1049 3560 670
